<record><leader>00000cas a22000007a 4500</leader><controlfield tag="001">19507924</controlfield><controlfield tag="008">890407d19241940nduwr ne      0    0eng d</controlfield><datafield ind1=" " ind2=" " tag="010"><subfield code="a">sn 89074080 </subfield></datafield><datafield ind1=" " ind2=" " tag="040"><subfield code="a">NOP</subfield><subfield code="b">eng</subfield><subfield code="c">NOP</subfield><subfield code="d">OCLCQ</subfield></datafield><datafield ind1=" " ind2=" " tag="042"><subfield code="a">msc</subfield></datafield><datafield ind1="0" ind2="0" tag="245"><subfield code="a">Slope County post.</subfield></datafield><datafield ind1=" " ind2=" " tag="260"><subfield code="a">Amidon, N.D. :</subfield><subfield code="b">R.O. Bryant</subfield></datafield><datafield ind1=" " ind2=" " tag="300"><subfield code="a">18 v. :</subfield><subfield code="b">ill.</subfield></datafield><datafield ind1=" " ind2=" " tag="310"><subfield code="a">Weekly</subfield></datafield><datafield ind1="0" ind2=" " tag="362"><subfield code="a">Vol. 1, no. 1 (Aug. 8, 1924)-v.17, no. 20 (Dec. 26, 1940).</subfield></datafield><datafield ind1=" " ind2=" " tag="500"><subfield code="a">"Official newspaper of Slope County."</subfield></datafield><datafield ind1=" " ind2=" " tag="515"><subfield code="a">Also carries numbering for The Farmers press, v.10, no. 27- and the Slope County news, v.14, no. 28-</subfield></datafield><datafield ind1=" " ind2=" " tag="530"><subfield code="a">Available on microfilm from the State Historical Society of North Dakota.</subfield></datafield><datafield ind1=" " ind2=" " tag="752"><subfield code="a">United States</subfield><subfield code="b">North Dakota</subfield><subfield code="c">Slope</subfield><subfield code="d">Amidon.</subfield></datafield><datafield ind1="0" ind2="4" tag="780"><subfield code="t">Farmers press</subfield><subfield code="w">(DLC)sn 89074078</subfield></datafield><datafield ind1="0" ind2="4" tag="780"><subfield code="t">Slope County news</subfield><subfield code="w">(DLC)sn 89074079</subfield></datafield><datafield ind1="0" ind2="7" tag="785"><subfield code="t">Marmarth messenger</subfield><subfield code="w">(DLC)sn 89074082</subfield></datafield><datafield ind1="0" ind2="7" tag="785"><subfield code="t">Slope messenger</subfield><subfield code="w">(DLC)sn 89074083</subfield></datafield></record>